<record><leader>00000cas a2200000 a 4500</leader><controlfield tag="001">12815218</controlfield><controlfield tag="008">851118d18871895ksuwr ne      0    0eng d</controlfield><datafield ind1=" " ind2=" " tag="010"><subfield code="a">sn 85066305 </subfield></datafield><datafield ind1=" " ind2=" " tag="040"><subfield code="a">KSH</subfield><subfield code="b">eng</subfield><subfield code="c">KSH</subfield><subfield code="d">NPT</subfield><subfield code="d">OCL</subfield><subfield code="d">OCLCQ</subfield></datafield><datafield ind1=" " ind2=" " tag="042"><subfield code="a">msc</subfield></datafield><datafield ind1="0" ind2=" " tag="130"><subfield code="a">Greenleaf journal (Greenleaf, Kan. : 1887)</subfield></datafield><datafield ind1="1" ind2="4" tag="245"><subfield code="a">The Greenleaf journal.</subfield></datafield><datafield ind1=" " ind2=" " tag="260"><subfield code="a">Greenleaf, Kan. :</subfield><subfield code="b">Knowlton &amp; Bliss,</subfield><subfield code="c">1887-</subfield></datafield><datafield ind1=" " ind2=" " tag="300"><subfield code="a">8 v. :</subfield><subfield code="b">ill. ;</subfield><subfield code="c">64 cm.</subfield></datafield><datafield ind1=" " ind2=" " tag="310"><subfield code="a">Weekly</subfield></datafield><datafield ind1="0" ind2=" " tag="362"><subfield code="a">Vol. 7, no. 35 (Aug. 18, 1887)-v. 14, no. 39 (Sept. 26, 1895).</subfield></datafield><datafield ind1=" " ind2=" " tag="500"><subfield code="a">Published by: Frank D. Bliss, Oct. 6, 1887-&lt;Jan. 17, 1895&gt;; M.O. Reitzel, Jan. 24-Sept. 26, 1895.</subfield></datafield><datafield ind1=" " ind2=" " tag="515"><subfield code="a">Numbering is irregular.</subfield></datafield><datafield ind1=" " ind2=" " tag="752"><subfield code="a">United States</subfield><subfield code="b">Kansas</subfield><subfield code="c">Washington,</subfield><subfield code="d">Greenleaf.</subfield></datafield><datafield ind1="0" ind2="0" tag="780"><subfield code="t">Independent-journal (Greenleaf, Kan.)</subfield><subfield code="w">(DLC)sn 85066304</subfield></datafield><datafield ind1="0" ind2="5" tag="780"><subfield code="t">Barnes enterprise</subfield><subfield code="g">Jan. 18, 1895</subfield><subfield code="w">(DLC)sn 85032646</subfield></datafield><datafield ind1="0" ind2="4" tag="785"><subfield code="t">Washington post-register</subfield><subfield code="w">(DLC)sn 85066340</subfield></datafield><datafield ind1="1" ind2=" " tag="029"><subfield code="a">AU@</subfield><subfield code="b">000022168985</subfield></datafield></record>